@article{sun_fradkin_2015,
  title = {Discretized Abelian Chern-Simons gauge theory on arbitrary graphs},
  author = {Sun, Kai and Kumar, Krishna and Fradkin, Eduardo},
  journal = {Phys. Rev. B},
  volume = {92},
  issue = {11},
  pages = {115148},
  numpages = {25},
  year = {2015},
  month = {Sep},
  publisher = {American Physical Society},
  doi = {10.1103/PhysRevB.92.115148},
  url = {https://link.aps.org/doi/10.1103/PhysRevB.92.115148}
}

@article{schwalm_vector_1999,
  title = {Vector difference calculus for physical lattice models},
  author = {Schwalm, W. and Moritz, B. and Giona, M. and Schwalm, M.},
  journal = {Phys. Rev. E},
  volume = {59},
  issue = {1},
  pages = {1217--1233},
  numpages = {0},
  year = {1999},
  month = {Jan},
  publisher = {American Physical Society},
  doi = {10.1103/PhysRevE.59.1217},
  url = {https://link.aps.org/doi/10.1103/PhysRevE.59.1217}
}

@book{nakahara_geometry_2003,
  title    = {Geometry, topology and physics},
  author   = {Nakahara, M.},
  year     = 2003,
  url      = {http://www.slac.stanford.edu/spires/find/hep/www?key=7208855},
  keywords = {GeneralQFT mathematics}
}
@incollection{lieb_fluxes_2004,
  title     = {Fluxes, {Laplacians}, and {Kasteleyn}'s {Theorem}},
  author    = {Lieb, Elliott H. and Loss, Michael},
  year      = 2004,
  publisher = {Springer Berlin Heidelberg},
  address   = {Berlin, Heidelberg},
  pages     = {457--483},
  editor    = {Nachtergaele, Bruno and Solovej, Jan Philip and Yngvason, Jakob}
}